<?xml version="1.0" encoding="UTF-8" ?>
<record Numero="13939125" format="InterXMarc_Complet" type="Authority">
<leader>00760c0 au22000272  45  <Pos Code="0004">00760</Pos>
<Pos Code="05" Sens="notice modifiée">c</Pos>
<Pos Code="06" Sens="notice validée par les services d&apos;autorité">0</Pos>
<Pos Code="08" Sens="notice d&apos;autorité">a</Pos>
<Pos Code="09" Sens="titre uniforme musical (TUM)">u</Pos>
<Pos Code="10">2</Pos>
<Pos Code="11">2</Pos>
<Pos Code="1216">00027</Pos>
<Pos Code="17" Sens="autres cas">2</Pos>
<Pos Code="20">4</Pos>
<Pos Code="21">5</Pos>
</leader>
<controlfield tag="001">FRBNF139391258<Pos Code="0001">FR</Pos>
<Pos Code="0204">BNF</Pos>
<Pos Code="0512">13939125</Pos>
<Pos Code="13">8</Pos>
</controlfield>
<controlfield tag="008">910612140319yyger li        1907                             1   <Pos Code="0001">91</Pos>
<Pos Code="0203">06</Pos>
<Pos Code="0405">12</Pos>
<Pos Code="0607">14</Pos>
<Pos Code="0809">03</Pos>
<Pos Code="1011">19</Pos>
<Pos Code="1213" Sens="ne s&apos;applique pas">yy</Pos>
<Pos Code="1416" Sens="allemand">ger</Pos>
<Pos Code="1820" Sens="Lied">li </Pos>
<Pos Code="2831">1907</Pos>
<Pos Code="61" Sens="La vedette peut être liée à une notice bibliographique sauf pour l&apos;accès matière RAMEAU">1</Pos>
</controlfield>
<datafield tag="048" ind1=" " ind2=" ">
	<subfield code="a">vz01<Pos Code="0001" Sens="voix - non spécifié">vz</Pos>
<Pos Code="02">0</Pos>
<Pos Code="03">1</Pos>
</subfield>
	<subfield code="a">ka01<Pos Code="0001" Sens="clavier - piano">ka</Pos>
<Pos Code="02">0</Pos>
<Pos Code="03">1</Pos>
</subfield>
</datafield>
<datafield tag="100" ind1=" " ind2=" ">
	<subfield code="3">13899526</subfield>
	<subfield code="w"> 0  b     </subfield>
	<subfield code="a">Schoenberg</subfield>
	<subfield code="m">Arnold</subfield>
	<subfield code="d">1874-1951</subfield>
</datafield>
<datafield tag="144" ind1="1" ind2=" ">
	<subfield code="w">....b.....</subfield>
	<subfield code="a" Barre="4">Der verlorene Haufen</subfield>
	<subfield code="p">Op. 12,  no° 2</subfield>
</datafield>
<datafield tag="322" ind1="8" ind2=" ">
	<subfield code="3">12537580</subfield>
	<subfield code="9">100</subfield>
	<subfield code="w">.0..b.....</subfield>
	<subfield code="a">Klemperer</subfield>
	<subfield code="m">Victor</subfield>
	<subfield code="d">1881-1960</subfield>
</datafield>
<datafield tag="502" ind1=" " ind2=" ">
	<subfield code="3">13926709</subfield>
	<subfield code="a">Schoenberg</subfield>
	<subfield code="m">Arnold</subfield>
	<subfield code="d">1874-1951</subfield>
	<subfield code="t">[Zwei Balladen. Op. 12]</subfield>
</datafield>
<datafield tag="600" ind1=" " ind2=" ">
	<subfield code="a">Sur un poème de Vikto Klemperer</subfield>
	<subfield code="a">Date de composition : 1907</subfield>
</datafield>
<datafield tag="600" ind1=" " ind2=" ">
	<subfield code="a">Fait partie de : &quot;Zwei Balladen&quot;</subfield>
</datafield>
<datafield tag="610" ind1=" " ind2=" ">
	<subfield code="a">Grove music online</subfield>
	<subfield code="u">http://www.oxfordmusiconline.com/</subfield>
	<subfield code="d">2008-09-09</subfield>
</datafield>
<datafield tag="610" ind1=" " ind2=" ">
	<subfield code="a">Verboten und verbannt [Enregistrement sonore] / Mendelssohn, Meyerbeer, Zemlinsky... [et al.], comp. ; Thomas Hampson, BAR ; Wolfram Rieger, p. Orfeo d&apos;or C 708 061 B</subfield>
</datafield>
<datafield tag="917" ind1=" " ind2=" ">
	<subfield code="o">OPC</subfield>
	<subfield code="a">100699130</subfield>
</datafield>
<Alter Ori="13899526">
<datafield tag="400" ind1=" " ind2=" ">
	<subfield code="w">    b     </subfield>
	<subfield code="a">Schönberg</subfield>
	<subfield code="m">Arnold</subfield>
	<subfield code="d">1874-1951</subfield>
</datafield>
<datafield tag="031" ind1=" " ind2=" ">
	<subfield code="a">000000012095618X</subfield>
	<subfield code="2" Sens="ISNI chargé à partir de la base ISNI">ISNI</subfield>
	<subfield code="d">20131217<Pos Code="0003">2013</Pos>
<Pos Code="0407" Sens="17 décembre">1217</Pos>
</subfield>
</datafield>
</Alter>
<Attr Nom="IDPerenne">ark:/12148/cb13939125j</Attr>
<Attr Nom="NumSource">OPC 100699130</Attr>
<Attr Nom="Source" Sens="BnF catalogue général (depuis 1999)">A</Attr>
<Attr Nom="NumAutoriteLiee">138995261253758013926709</Attr>
<Attr Nom="DateCreation">12/06/ 1991</Attr>
<Attr Nom="ResponsableCreation">MIGV2</Attr>
<Attr Nom="StructCreation">1</Attr>
<Attr Nom="DateDerniereValidation">19/03/ 2014</Attr>
<Attr Nom="ResponsableDerniereValidation">SERRES CATHERINE</Attr>
<Attr Nom="StructPremiereValidation">1</Attr>
<Attr Nom="DatePremiereValidation">12/06/ 1991</Attr>
<Attr Nom="ResponsablePremiereValidation">MIGV2</Attr>
<Attr Nom="StructDerniereValidation">82</Attr>
<Attr Nom="NumSource">OPL 001524408</Attr>
</record>
